
@article{erbas_2018_WhyDonAlways,
	title = {Why I don{\textquoteright}t always know what I{\textquoteright}m feeling: The role of stress in within-person fluctuations in emotion differentiation},
	author = {Erbas, Yasemin and Ceulemans, Eva and Kalokerinos, Elise K. and Houben, Marlies and Koval, Peter and Pe, Madeline L. and Kuppens, Peter},
	year = {2018},
	date = {2018},
	journal = {Journal of Personality and Social Psychology},
	pages = {179--191},
	volume = {115},
	number = {2},
	doi = {10.1037/pspa0000126},
	note = {57 citations (Crossref) [2024-08-22]
Place: US
Publisher: American Psychological Association}
}

@article{yfantidou_2022_LifeSnaps4monthMultimodal,
	title = {LifeSnaps, a 4-month multi-modal dataset capturing unobtrusive snapshots of our lives in the wild},
	author = {Yfantidou, Sofia and Karagianni, Christina and Efstathiou, Stefanos and Vakali, Athena and Palotti, Joao and Giakatos, Dimitrios Panteleimon and Marchioro, Thomas and Kazlouski, Andrei and Ferrari, Elena and Girdzijauskas, {{\v{S}}ar{\={u}}nas}},
	year = {2022},
	month = {10},
	date = {2022-10-31},
	journal = {Scientific Data},
	pages = {663},
	volume = {9},
	number = {1},
	doi = {10.1038/s41597-022-01764-x},
	url = {https://www.nature.com/articles/s41597-022-01764-x},
	note = {Publisher: Nature Publishing Group},
	langid = {en}
}
